
@book{cite-key,
	author = {Zaikang, Q. and Defu, L.},
	date-added = {2025-03-31 11:31:47 -0500},
	date-modified = {2025-03-31 11:31:47 -0500},
	doi = {10.1201/9780429291203},
	edition = {1},
	isbn = {9780429291203},
	la = {English},
	publisher = {CRC Press},
	title = {Design of Guidance and Control Systems for Tactical Missiles},
	url = {https://doi.org/10.1201/9780429291203},
	year = {2019},
	bdsk-url-1 = {https://doi.org/10.1201/9780429291203}}
